@article{amunts2013bigbrain,
  title={BigBrain: an ultrahigh-resolution 3D human brain model},
  author={Amunts, Katrin and Lepage, Claude and Borgeat, Louis and Mohlberg, Hartmut and Dickscheid, Timo and Rousseau, Marc-{\'E}tienne and Bludau, Sebastian and Bazin, Pierre-Louis and Lewis, Lindsay B and Oros-Peusquens, Ana-Maria and others},
  journal={Science},
  volume={340},
  number={6139},
  pages={1472--1475},
  year={2013},
  publisher={American Association for the Advancement of Science}
}


@article{krishnan2011myhadoop,
  title={myHadoop-Hadoop-on-Demand on traditional HPC resources},
  author={Krishnan, Sriram and Tatineni, Mahidhar and Baru, Chaitanya},
  journal={San Diego Supercomputer Center Technical Report TR-2011-2, University of California, San Diego},
  year={2011}
}

@book{white2012hadoop,
  title={Hadoop: The definitive guide},
  author={White, Tom},
  year={2012},
  publisher={" O'Reilly Media, Inc."}
}

@inproceedings{vavilapalli2013apache,
  title={Apache {H}adoop {YARN}: Yet another resource negotiator},
  author={Vavilapalli, Vinod Kumar and Murthy, Arun C and Douglas, Chris and Agarwal, Sharad and Konar, Mahadev and Evans, Robert and Graves, Thomas and Lowe, Jason and Shah, Hitesh and Seth, Siddharth and others},
  booktitle={Proceedings of the 4th annual Symposium on Cloud Computing},
  pages={5},
  year={2013},
  organization={ACM}
}

@inproceedings{hindman2011mesos,
  title={Mesos: A Platform for Fine-Grained Resource Sharing in the Data Center.},
  author={Hindman, Benjamin and Konwinski, Andy and Zaharia, Matei and Ghodsi, Ali and Joseph, Anthony D and Katz, Randy H and Shenker, Scott and Stoica, Ion},
  booktitle={NSDI},
  volume={11},
  number={2011},
  pages={22--22},
  year={2011}
}

@article{zaharia2010spark,
  title={Spark: Cluster computing with working sets.},
  author={Zaharia, Matei and Chowdhury, Mosharaf and Franklin, Michael J and Shenker, Scott and Stoica, Ion},
  journal={HotCloud},
  volume={10},
  number={10-10},
  pages={95},
  year={2010}
}

@article{mehta2017comparative,
  title={Comparative evaluation of {B}ig-{D}ata systems on scientific image analytics workloads},
  author={Mehta, Parmita and Dorkenwald, Sven and Zhao, Dongfang and Kaftan, Tomer and Cheung, Alvin and Balazinska, Magdalena and Rokem, Ariel and Connolly, Andrew and Vanderplas, Jacob and AlSayyad, Yusra},
  journal={Proceedings of the VLDB Endowment},
  volume={10},
  number={11},
  pages={1226--1237},
  year={2017},
  publisher={VLDB Endowment}
}

@book{leskovec2014mining,
  title={Mining of massive datasets},
  author={Leskovec, Jure and Rajaraman, Anand and Ullman, Jeffrey David},
  year={2014},
  publisher={Cambridge university press}
}

@article{oinn2004taverna,
  title={Taverna: a tool for the composition and enactment of bioinformatics workflows},
  author={Oinn, Tom and Addis, Matthew and Ferris, Justin and Marvin, Darren and Senger, Martin and Greenwood, Mark and Carver, Tim and Glover, Kevin and Pocock, Matthew R and Wipat, Anil and others},
  journal={Bioinformatics},
  volume={20},
  number={17},
  pages={3045--3054},
  year={2004},
  publisher={Oxford University Press}
}


@article{deelman2005pegasus,
  title={Pegasus: A framework for mapping complex scientific workflows onto distributed systems},
  author={Deelman, Ewa and Singh, Gurmeet and Su, Mei-Hui and Blythe, James and Gil, Yolanda and Kesselman, Carl and Mehta, Gaurang and Vahi, Karan and Berriman, G Bruce and Good, John and others},
  journal={Scientific Programming},
  volume={13},
  number={3},
  pages={219--237},
  year={2005},
  publisher={Hindawi}
}


@inproceedings{rocklin2015dask,
  title={Dask: Parallel computation with blocked algorithms and task scheduling},
  author={Rocklin, Matthew},
  booktitle={Proceedings of the 14th Python in Science Conference},
  number={130-136},
  year={2015},
  organization={Citeseer}
}

@article{zaharia2016apache,
  title={Apache {S}park: a unified engine for big data processing},
  author={Zaharia, Matei and Xin, Reynold S and Wendell, Patrick and Das, Tathagata and Armbrust, Michael and Dave, Ankur and Meng, Xiangrui and Rosen, Josh and Venkataraman, Shivaram and Franklin, Michael J and others},
  journal={Communications of the ACM},
  volume={59},
  number={11},
  pages={56--65},
  year={2016},
  publisher={ACM}
}


@article{dean2008mapreduce,
  title={{M}ap{R}educe: simplified data processing on large clusters},
  author={Dean, Jeffrey and Ghemawat, Sanjay},
  journal={Communications of the ACM},
  volume={51},
  number={1},
  pages={107--113},
  year={2008},
  publisher={ACM}
}


@article{van2014human,
  title={Human neuroimaging as a {B}ig {D}ata science},
  author={Van Horn, John Darrell and Toga, Arthur W},
  journal={Brain imaging and behavior},
  volume={8},
  number={2},
  pages={323--331},
  year={2014},
  publisher={Springer}
}

@article{bellec2012pipeline,
  title={The pipeline system for {O}ctave and {M}atlab ({PSOM}): a lightweight scripting framework and execution engine for scientific workflows},
  author={Bellec, Pierre and Lavoie-Courchesne, S{\'e}bastien and Dickinson, Phil and Lerch, Jason and Zijdenbos, Alex and Evans, Alan C},
  journal={Frontiers in neuroinformatics},
  volume={6},
  pages={7},
  year={2012},
  publisher={Frontiers}
}

@article{gorgolewski2011nipype,
  title={Nipype: a flexible, lightweight and extensible neuroimaging data processing framework in {P}ython},
  author={Gorgolewski, Krzysztof and Burns, Christopher D and Madison, Cindee and Clark, Dav and Halchenko, Yaroslav O and Waskom, Michael L and Ghosh, Satrajit S},
  journal={Frontiers in neuroinformatics},
  volume={5},
  pages={13},
  year={2011},
  publisher={Frontiers}
}

@article{freeman2014mapping,
  title={Mapping brain activity at scale with cluster computing},
  author={Freeman, Jeremy and Vladimirov, Nikita and Kawashima, Takashi and Mu, Yu and Sofroniew, Nicholas J and Bennett, Davis V and Rosen, Joshua and Yang, Chao-Tsung and Looger, Loren L and Ahrens, Misha B},
  journal={Nature methods},
  volume={11},
  number={9},
  pages={941},
  year={2014},
  publisher={Nature Publishing Group}
}

@inproceedings{shvachko2010hadoop,
  title={The {H}adoop distributed file system},
  author={Shvachko, Konstantin and Kuang, Hairong and Radia, Sanjay and Chansler, Robert},
  booktitle={Mass storage systems and technologies (MSST), 2010 IEEE 26th symposium on},
  pages={1--10},
  year={2010},
  organization={Ieee}
}


@inproceedings{schwan2003lustre,
  title={Lustre: Building a file system for 1000-node clusters},
  author={Schwan, Philip and others},
  booktitle={Proceedings of the 2003 Linux symposium},
  volume={2003},
  pages={380--386},
  year={2003}
}


@book{love2010linux,
  title={Linux kernel development},
  author={Love, Robert},
  year={2010},
  publisher={Pearson Education}
}

@inproceedings{lebre2015adding,
  title={Adding storage simulation capacities to the simgrid toolkit: Concepts, models, and api},
  author={Lebre, Adrien and Legrand, Arnaud and Suter, Fr{\'e}d{\'e}ric and Veyre, Pierre},
  booktitle={Cluster, Cloud and Grid Computing (CCGrid), 2015 15th IEEE/ACM International Symposium on},
  pages={251--260},
  year={2015},
  organization={IEEE}
}

@article{makkie2019fast,
  title={Fast and scalable distributed deep convolutional autoencoder for f{MRI} {B}ig {D}ata analytics},
  author={Makkie, Milad and Huang, Heng and Zhao, Yu and Vasilakos, Athanasios V and Liu, Tianming},
  journal={Neurocomputing},
  volume={325},
  pages={20--30},
  year={2019},
  publisher={Elsevier}
}

@inproceedings{samba,
    title={A Practical Roadmap for Provenance Capture and
Data Analysis in Spark-based Scientific Workflows},
    author={Guedes, Thaylon and Silva, V\'itor and Mattoso, Marta and Bedo, Marcos V. N. and de Oliveira, Daniel},
    booktitle={Workshop on Workflows in Support of Large-Scale Science (WORKS)},
    year=2018,
    address={Dallas, TX}
}

@inproceedings{wrench,
    title={{WRENCH}: Workflow Management System Simulation Workbench},
    author={Casanova, Henri and Pandey, Suraj and Oeth, James and Tanaka, Ryan and Suter, Fr\'ed\'eric and Ferreira da Silva, Rafael},
    booktitle={Workshop on Workflows in Support of Large-Scale Science (WORKS)},
    year=2018,
    address={Dallas, TX}
}

@inproceedings{saini2012performance,
  title={I/O performance characterization of Lustre and NASA applications on Pleiades},
  author={Saini, Subhash and Rappleye, Jason and Chang, Johnny and Barker, David and Mehrotra, Piyush and Biswas, Rupak},
  booktitle={High Performance Computing (HiPC), 2012 19th International Conference on},
  pages={1--10},
  year={2012},
  organization={IEEE}
}

